<record><leader>00000cas a2200000 a 4500</leader><controlfield tag="001">15533967</controlfield><controlfield tag="008">870415d19041910wauwr ne      0    0eng d</controlfield><datafield ind1=" " ind2=" " tag="010"><subfield code="a">sn 88085292 </subfield></datafield><datafield ind1=" " ind2=" " tag="040"><subfield code="a">WAU</subfield><subfield code="b">eng</subfield><subfield code="c">WAU</subfield><subfield code="d">SLZ</subfield><subfield code="d">OCL</subfield><subfield code="d">WAU</subfield><subfield code="d">OCLCQ</subfield><subfield code="d">OCLCF</subfield></datafield><datafield ind1=" " ind2=" " tag="042"><subfield code="a">msc</subfield></datafield><datafield ind1=" " ind2=" " tag="043"><subfield code="a">n-us-wa</subfield></datafield><datafield ind1="0" ind2="4" tag="245"><subfield code="a">The Edmonds review.</subfield></datafield><datafield ind1=" " ind2=" " tag="260"><subfield code="a">Edmonds, Wash. :</subfield><subfield code="b">M.T.B. Hanna</subfield></datafield><datafield ind1=" " ind2=" " tag="300"><subfield code="a">7 v.</subfield></datafield><datafield ind1=" " ind2=" " tag="310"><subfield code="a">Weekly</subfield></datafield><datafield ind1="1" ind2=" " tag="362"><subfield code="a">Began in 1904.</subfield></datafield><datafield ind1="0" ind2=" " tag="362"><subfield code="a">-v. 7, no. 24 (Jan. 29, 1910).</subfield></datafield><datafield ind1=" " ind2=" " tag="580"><subfield code="a">Merged with: Edmonds tribune, to form: The Edmonds tribune and the Edmonds review.</subfield></datafield><datafield ind1=" " ind2=" " tag="588"><subfield code="a">Description based on: Vol. 1, no. 23 (Jan. 6, 1905).</subfield></datafield><datafield ind1=" " ind2="0" tag="651"><subfield code="a">Edmonds (Wash.)</subfield><subfield code="v">Newspapers.</subfield></datafield><datafield ind1=" " ind2="7" tag="655"><subfield code="a">Newspapers.</subfield><subfield code="2">fast</subfield><subfield code="0">(OCoLC)fst01423814</subfield></datafield><datafield ind1=" " ind2="7" tag="651"><subfield code="a">Washington (State)</subfield><subfield code="z">Edmonds.</subfield><subfield code="2">fast</subfield><subfield code="0">(OCoLC)fst01222509</subfield></datafield><datafield ind1=" " ind2=" " tag="752"><subfield code="a">United States</subfield><subfield code="b">Washington</subfield><subfield code="c">Snohomish</subfield><subfield code="d">Edmonds.</subfield></datafield><datafield ind1="1" ind2="7" tag="785"><subfield code="t">Edmonds tribune</subfield><subfield code="w">(DLC)sn 90099763</subfield></datafield><datafield ind1="1" ind2="7" tag="785"><subfield code="t">Edmonds tribune and the Edmonds review</subfield></datafield></record>